@article{OTKC_JAP_1993,
  title={Mathematical model of cycling performance},
  author={Olds, Timothy S and Norton, KI and Craig, NP},
  journal={Journal of Applied Physiology},
  volume={75},
  number={2},
  pages={730--737},
  year={1993}
}

@Misc{3B1B_Mandelbrot_Set,
  howpublished = {[EB/OL]},
  note = {\url{https://www.bilibili.com/video/BV1nh411x78S?spm_id_from=333.999.0.0&vd_source=d7b3f8992fb59934fe11b8f6984218ee} Accessed November 30, 2021},
  title = {芒德布罗特集是如何从牛顿的工作中产生的},
  author = {3Blue1Brown},
  year = {2021}
}
